%%
% Bibliography

% Taking a Long Look at QUIC
%author = {Kakhki, Arash Molavi and Jero, Samuel and Choffnes, David and Nita-Rotaru, Cristina and Mislove, Alan}
@inproceedings{Kakhki:2017:TLL:3131365.3131368,
 author = {Kakhki, Arash Molavi and others},
 title = {Taking a Long Look at QUIC: An Approach for Rigorous Evaluation of Rapidly Evolving Transport Protocols},
 booktitle = {Proceedings of the 2017 Internet Measurement Conference},
 series = {IMC '17},
 year = {2017},
 isbn = {978-1-4503-5118-8},
 location = {London, United Kingdom},
 pages = {290--303},
 numpages = {14},
 url = {http://doi.acm.org/10.1145/3131365.3131368},
 doi = {10.1145/3131365.3131368},
 acmid = {3131368},
 publisher = {ACM},
 address = {New York, NY, USA},
 keywords = {QUIC, transport-layer performance},
} 

% The QUIC Transport Protocol by Google
%author = {Langley, Adam and Riddoch, Alistair and Wilk, Alyssa and Vicente, Antonio and Krasic, Charles and Zhang, Dan and Yang, Fan and Kouranov, Fedor and Swett, Ian and Iyengar, Janardhan and Bailey, Jeff and Dorfman, Jeremy and Roskind, Jim and Kulik, Joanna and Westin, Patrik and Tenneti, Raman and Shade, Robbie and Hamilton, Ryan and Vasiliev, Victor and Chang, Wan-Teh and Shi, Zhongyi}
@inproceedings{Langley:2017:QTP:3098822.3098842,
 author = {Langley, Adam and others},
 title = {The QUIC Transport Protocol: Design and Internet-Scale Deployment},
 booktitle = {Proceedings of the Conference of the ACM Special Interest Group on Data Communication},
 series = {SIGCOMM '17},
 year = {2017},
 isbn = {978-1-4503-4653-5},
 location = {Los Angeles, CA, USA},
 pages = {183--196},
 numpages = {14},
 url = {http://doi.acm.org/10.1145/3098822.3098842},
 doi = {10.1145/3098822.3098842},
 acmid = {3098842},
 publisher = {ACM},
 address = {New York, NY, USA},
} 

% Innovating Transport with QUIC
% author={Y. Cui and T. Li and C. Liu and X. Wang and M. Kühlewind}
@ARTICLE{7867726, 
author={Y. Cui and others}, 
journal={IEEE Internet Computing}, 
title={Innovating Transport with QUIC: Design Approaches and Research Challenges}, 
year={2017}, 
volume={21}, 
number={2}, 
pages={72-76}, 
keywords={Internet;transport protocols;QUIC;quick UDP Internet connections;transport protocol;Cryptography;Data transfer;Internet and Web services;Latency;Multiplexing;Packet loss;Protocols;Servers;HTTP/2;IETF;Internet standards;Internet/Web technologies;QUIC;TCP;TLS;latency;multiplexing;security and privacy}, 
doi={10.1109/MIC.2017.44}, 
ISSN={1089-7801}, 
month={Mar},}

% Google document of QUIC design
@misc{quicLayout,
title={QUIC Wire Layout},
howpublished={\url{https://docs.google.com/document/d/1WJvyZflAO2pq77yOLbp9NsGjC1CHetAXV8I0fQe-B_U}},
urldate={2018-04-10}}

@inproceedings{Megysei:2016:HQQ,
author={P. Megyesi and Z. Krämer and S. Molnár},
booktitle={2016 IEEE International Conference on Communications (ICC)},
title={How quick is QUIC?},
year={2016},
volume={},
number={},
pages={1-6},
keywords={Internet;telecommunication traffic;transport protocols;Google;HTTP;Internet;QUIC;SPDY;network scenarios;protocol;transport layer;web pages;web traffic;Bandwidth;Google;Internet;Loss measurement;Protocols;Servers;Web pages},
doi={10.1109/ICC.2016.7510788},
ISSN={},
month={May},}

@inproceedings{Carlucci:2015:HOU,
 author = {Carlucci, Gaetano and De Cicco, Luca and Mascolo, Saverio},
 title = {HTTP over UDP: An Experimental Investigation of QUIC},
 booktitle = {Proceedings of the 30th Annual ACM Symposium on Applied Computing},
 series = {SAC '15},
 year = {2015},
 isbn = {978-1-4503-3196-8},
 location = {Salamanca, Spain},
 pages = {609--614},
 numpages = {6},
 url = {http://doi.acm.org/10.1145/2695664.2695706},
 doi = {10.1145/2695664.2695706},
 acmid = {2695706},
 publisher = {ACM},
 address = {New York, NY, USA},
 keywords = {HTTP, QUIC, SPDY, TCP, UDP, congestion control},
}

@inproceedings{Biswal:2016:DQM,
author={P. Biswal and O. Gnawali},
booktitle={2016 IEEE Global Communications Conference (GLOBECOM)},
title={Does QUIC Make the Web Faster?},
year={2016},
volume={},
number={},
pages={1-6},
keywords={3G mobile communication;4G mobile communication;Internet;Long Term Evolution;hypermedia;social networking (online);telecommunication congestion control;transport protocols;2G-3G;3G-4GLTE;Facebook;Google servers;HTTP-2;India;Internet;QUIC+SPDY 3.1;RFC 7540;Twitter;UDP;US;Web page load times;application layer;connection establishment latency;improved congestion control mechanism;multiplexed stream transport;small-sized objects;Bandwidth;Browsers;Google;Internet;Protocols;Servers;Web pages},
doi={10.1109/GLOCOM.2016.7841749},
ISSN={},
month={Dec},}

@article{Das:2014:EQW,
author={Somak R. Das},
title={Evaluation of QUIC on Web Page Performance},
year={2014},
}

@online{Chromium:quic_http_stream.c,
url = {https://chromium.googlesource.com/chromium/src/+/master/net/quic/chromium/quic_http_stream.cc#77},
version = {9c503970fbcdfa571965088974075ad40bb27bb3}
}

@article{reinecke2011netemcg,
  title={Netemcg--IP packet-loss injection using a continuous-time Gilbert model},
  author={Reinecke, Philipp and Dr{\"a}ger, Matthias and Wolter, Katinka},
  year={2011}
}

@online{linux:tc-netem,
title={Linux Network Emulator},
url={http://man7.org/linux/man-pages/man8/tc-netem.8.html},
year={2018}
}